@ARTICLE{DuciMennucci2007,
   author = {{Duci}, A. and {Mennucci}, A.~C.},
    title = "{Banach-like metrics and metrics of compact sets}",
  journal = {ArXiv e-prints},
archivePrefix = "arXiv",
   eprint = {0707.1174},
 primaryClass = "math.MG",
 keywords = {Mathematics - Metric Geometry, Mathematics - Classical Analysis and ODEs, Mathematics - Differential Geometry, Mathematics - General Topology},
     year = 2007,
    month = jul,
}
