@book{papadopoulos2013metric,
  title={Metric Spaces, Convexity and Nonpositive Curvature},
  author={Papadopoulos, A.},
  isbn={9783037191323},
  series={Irma Lectures in Mathematics and Theoretical Physics},
  url={http://books.google.it/books?id=n6\_QnQEACAAJ},
  year={2013},
  publisher={Amer Mathematical Society}
}
