@book{ambrosio2000selected,
  title={Selected Topics on Analysis in Metric Spaces},
  author={Ambrosio, L. and Till, P.},
  isbn={9788876422652},
  url={http://books.google.it/books?id=yZrUGAAACAAJ},
  year={2000},
  publisher={Edizioni della Normale}
}


